\bibliographystyle{./IEEEtran}

[Amazon] https://www.amazon.com/b?node=8037720011
[Military UAV]:https://en.wikipedia.org/wiki/Delivery_drone#cite_note-5
[1] http://www.pcworld.com/article/3086790/legal/new-faa-rules-mean-you-wont-get-amazon-drone-delivery-anytime-soon.html
[https://www.starship.xyz] 

@electronic{IEEEexample:AMZN,
  title         = "Amazon Prime Air",
  url           = "https://www.amazon.com/b?node=8037720011",
  year          = "2016"
}

@electronic{IEEEexample:NBC,
  title         = "First FAA-Approved Drone Delivery Drops Medicine in Virginia",
  url           = "http://www.nbcnews.com/tech/tech-news/first-faa-approved-drone-delivery-drops-medicine-virginia-n393986",
  year          = "2015"
}

@electronic{IEEEexample:FAA,
  title         = "New FAA rules mean you won't get Amazon drone delivery anytime soon",
  url           = "http://www.pcworld.com/article/3086790/legal/new-faa-rules-mean-you-wont-get-amazon-drone-delivery-anytime-soon.html",
  year          = "2016"
}

@electronic{IEEEexample:Starship,
  title         = "Starship",
  url           = "https://www.starship.xyz",
  year          = "2016"
}
